@incollection{kersting2018distribution,
  title={Distribution system modeling and analysis},
  author={Kersting, William H},
  booktitle={Electric power generation, transmission, and distribution},
  pages={26--1},
  year={2018},
  publisher={CRC press}
}

@article{krolo2018computation,
  title={Computation of Carson formulas using piecewise approximation of kernel function},
  author={Krolo, Ivan and Vujevi{\'c}, Slavko and Modri{\'c}, Ton{\'c}i},
  journal={International journal for engineering modelling},
  volume={31},
  number={1-2},
  pages={15--30},
  year={2018},
  publisher={Fakultet gra{\dj}evinarstva, arhitekture i geodezije; Fakultet elektrotehnike~â€¦}
}

@article{dubanton1969calcul,
  title={Calcul approch{\'e} des parametres primaires et secondaires d'une ligne de transport},
  author={Dubanton, C},
  journal={EDF Bull. Direct. Etudes Rech},
  volume={1},
  pages={53--62},
  year={1969}
}