@article{author2020title,
  author  = {Author, A.},
  title   = {Title of the Article},
  journal = {Journal Name},
  year    = {2020},
  volume  = {1},
  number  = {2},
  pages   = {100-120},
}

@article{chatzivasileiadis2018optimization,
  title={Optimization in modern power systems},
  author={Chatzivasileiadis, Spyros},
  journal={Lecture Notes. Tech. Univ. of Denmark. Available online: https://arxiv. org/pdf/1811.00943. pdf},
  year={2018}
}

@article{ergun2019optimal,
  title={Optimal power flow for AC--DC grids: Formulation, convex relaxation, linear approximation, and implementation},
  author={Ergun, Hakan and Dave, Jaykumar and Van Hertem, Dirk and Geth, Frederik},
  journal={IEEE transactions on power systems},
  volume={34},
  number={4},
  pages={2980--2990},
  year={2019},
  publisher={IEEE}
}

@article{zimmerman2016matpower,
  title={Matpower 6.0 users manual},
  author={Zimmerman, Ray D and Murillo-Sanchez, Carlos E},
  journal={Power Systems Engineering Research Center},
  volume={9},
  year={2016}
}