@article{alvarez2021universal,
  title={Universal branch model for the solution of optimal power flows in hybrid AC/DC grids},
  author={Alvarez-Bustos, Abraham and Kazemtabrizi, Behzad and Shahbazi, Mahmoud and Acha-Daza, Enrique},
  journal={International Journal of Electrical Power \& Energy Systems},
  volume={126},
  pages={106543},
  year={2021},
  publisher={Elsevier}
}

@article{gomis2020principles,
  title={Principles of operation of grids of DC and AC subgrids interconnected by power converters},
  author={Gomis-Bellmunt, Oriol and S{\'a}nchez-S{\'a}nchez, Enric and Ar{\'e}valo-Soler, Josep and Prieto-Araujo, Eduardo},
  journal={IEEE Transactions on Power Delivery},
  volume={36},
  number={2},
  pages={1107--1117},
  year={2020},
  publisher={IEEE}
}